@misc{gf2014,
  author =       {Ian J. Goodfellow and Jean Pouget-Abadie and Mehdi Mirza and Bing Xu, David Warde-Farley and Sherjil Ozair and Aaron Courville and Yoshua Bengio},
  title =        {Generative Adversarial Networks},
  howpublished = "\url{https://arxiv.org/abs/1406.2661}"
}
@misc{wilson2017,
  author =       {Yunus Saatchi and Andrew Gordon Wilson},
  title =        {Bayesian GAN},
howpublished = "\url{https://arxiv.org/abs/1705.09558}"
}
@misc{fox,
  author =       {Charles Fox
and
Neil Girdhar
and
Kevin Gurney},
  title =        {A Causal Bayesian Network 
view 
of Reinforcement Learning},
howpublished = "\url{https://www.aaai.org/Papers/FLAIRS/2008/FLAIRS08-030.pdf"}"
}

@misc{levine,
  author =       {Sergey Levine},
  title =        {Course {CS} 285 at {UC} 
{B}erkeley,
{D}eep Reinforcement Learning.},
howpublished = "\url{http://rail.eecs.berkeley.edu/deeprlcourse/}"
}
@misc{wiki-kalman,
author={Wikipedia},
title={Kalman Filter},
howpublished = 
"\url{https://en.wikipedia.org/wiki/Kalman_filter}"
}

